@Article{shuman:2012,
    Author = {Shuman, Nicholas S. and Miller, Thomas M. and Viggiano, Albert A. and Troe, Jurgen},
    Title = {Teaching an Old Dog New Tricks: Using the Flowing Afterglow to Measure Kinetics of Electron Attachment to Radicals, Ion-Ion Mutual Neutralization, and Electron Catalyzed Mutual Neutralization},
    Year = 2012,
    Journal = {Advances in Atomic, Molecular, and Optical Physics},
    Volume = 89,
    Pages = {209--294},
}

@Article{kennedy:2001,
    Author = {Kennedy, Marc C and O'Hagan, Anthony},
    Title = {Bayesian Calibration of Computer Models},
    Journal = {Journal of the Royal Statistical Society: Series B (Statistical Methodology)},
    Volume = {63},
    Number = {3},
    Pages = {425--464},
    Year = {2001},
    Publisher = {Wiley Online Library}
}

@Article{rasmussen:2006,
    Author = {Rasmussen, Carl Edward and Williams, Christopher K. I.},
    Title = {Gaussian Processes for Machine Learning},
    Journal = {MIT Press},
    Year = {2006},
    Publisher = {Citeseer}
}

@article{higdon:2008,
  title={Computer Model Calibration Using High-Dimensional Output},
  author={Higdon, Dave and Gattiker, James and Williams, Brian and Rightley, Maria},
  journal={Journal of the American Statistical Association},
  volume={103},
  number={482},
  year={2008}
}

@article{williams:2006,
    author = {Williams, Brian and Higdon, Dave and Gattiker, Jim and Moore, Leslie and McKay, Michael and Keller-McNulty, Sallie},
    title = {Combining Experimental Data and Computer Simulations, With an Application To Flyer Plate Experiments},
    journal = {Bayesian Analysis},
    volume = {1},
    number = {4},
    pages = {765--792},
    year = {2006},
    publisher = {International Society for Bayesian Analysis}
}

@book{santner:2003,
  title={The Design and Analysis of Computer Experiments},
  author={Santner, Thomas J and Williams, Brian J and Notz, William},
  year={2003},
  publisher={Springer}
}

@article{ranjan:2011,
  title={Follow-Up Experimental Designs for Computer Models and Physical Processes},
  author={Ranjan, Pritam and Lu, Wilson and Bingham, Derek and Reese, Shane and Williams, Brian J and Chou, Chuan-Chih and Doss, Forrest and Grosskopf, Michael and Holloway, James Paul},
  journal={Journal of Statistical Theory and Practice},
  volume={5},
  number={1},
  pages={119--136},
  year={2011},
  publisher={Taylor \& Francis}
}

@article{hastings:1970,
  title={Monte Carlo Sampling Methods Using Markov Chains and Their Applications},
  author={Hastings, W Keith},
  journal={Biometrika},
  volume={57},
  number={1},
  pages={97--109},
  year={1970},
  publisher={Biometrika Trust}
}

@article{metropolis:1953,
  title={Equation of State Calculations by Fast Computing Machines},
  author={Metropolis, Nicholas and Rosenbluth, Arianna W and Rosenbluth, Marshall N and Teller, Augusta H and Teller, Edward},
  journal={The Journal of Chemical Physics},
  volume={21},
  pages={1087},
  year={1953}
}

@book{barber:2012,
  title={Bayesian Reasoning and Machine Learning},
  author={Barber, David},
  year={2012},
  publisher={Cambridge University Press}
} 

@incollection{loredo:1990,
  title={From Laplace to Supernova SN 1987A: Bayesian Inference in Astrophysics},
  author={Loredo, Thomas J},
  booktitle={Maximum entropy and Bayesian methods},
  pages={81--142},
  year={1990},
  publisher={Springer}
}

@article{bastos:2009,
  title={Diagnostics for Gaussian Process Emulators},
  author={Bastos, Leonardo S and O'Hagan, Anthony},
  journal={Technometrics},
  volume={51},
  number={4},
  year={2009}
}

@inproceedings{shuman:2011,
  title={A New Technique To Study Plasma Chemistry Kinetics},
  author={Shuman, Nicholas S and Miller, Thomas M and Bemish, Raymond and Viggiano, Albert A},
  booktitle={Journal of Physics: Conference Series},
  volume={300},
  number={1},
  pages={012007},
  year={2011},
  organization={IOP Publishing}
}

@article{chib:1995,
  title={Understanding The Metropolis-Hastings Algorithm},
  author={Chib, Siddhartha and Greenberg, Edward},
  journal={The American Statistician},
  volume={49},
  number={4},
  pages={327--335},
  year={1995},
  publisher={Taylor \& Francis Group}
}

@article{tierney:1994,
  title={Markov Chains for Exploring Posterior Distributions},
  author={Tierney, Luke},
  journal={the Annals of Statistics},
  pages={1701--1728},
  year={1994},
  publisher={JSTOR}
}

@article{tang:1993,
  title={Orthogonal Array-Based Latin Hypercubes},
  author={Tang, Boxin},
  journal={Journal of the American Statistical Association},
  volume={88},
  number={424},
  pages={1392--1397},
  year={1993},
  publisher={Taylor \& Francis}
}


@book{barker:1999,
  title={Mass Spectrometry: Analytical Chemistry by Open Learning},
  author={Barker, James},
  isbn={9780471967620},
  lccn={lc98003127},
  series={Analytical Chemistry by Open Learning},
  url={http://books.google.com/books?id=JDcDrH1UXt0C},
  year={1999},
  publisher={Wiley}
}

@article{fenn:1989,
  title={Electrospray Ionization for Mass Spectrometry of Large Biomolecules},
  author={Fenn, John B and Mann, Matthias and Meng, Chin Kai and Wong, Shek Fu and Whitehouse, Craig M},
  journal={Science},
  volume={246},
  number={4926},
  pages={64--71},
  year={1989},
  publisher={American Association for the Advancement of Science}
}

@article{karas:1987,
  title={Matrix-Assisted Ultraviolet Laser Desorption of Non-Volatile Compounds},
  author={Karas, Michael and Bachmann, Doris and Bahr, U el and Hillenkamp, F},
  journal={International journal of mass spectrometry and ion processes},
  volume={78},
  pages={53--68},
  year={1987},
  publisher={Elsevier}
}

@article{morris:1981,
  title={Fast Atom Bombardment: A New Mass Spectrometric Method for Peptide Sequence Analysis},
  author={Morris, Howard R and Panico, Maria and Barber, Michael and Bordoli, Robert S and Sedgwick, Robert D and Tyler, Andrew},
  journal={Biochemical and biophysical research communications},
  volume={101},
  number={2},
  pages={623--631},
  year={1981},
  publisher={Elsevier}
}

@article{kass:1996,
  title={The Selection of Prior Distributions by Formal Rules},
  author={Kass, Robert E and Wasserman, Larry},
  journal={Journal of the American Statistical Association},
  volume={91},
  number={435},
  pages={1343--1370},
  year={1996},
  publisher={Taylor \& Francis Group}
}

@article{brown:2002,
  title={Chemistry: The Central Science},
  author={Brown, Theodore L and LeMay, H Eugene and Bursten, Bruce E},
  journal={Prentice Hall},
  volume={10},
  pages={790},
  year={2002}
}

@book{casella:1990,
  title={Statistical Inference},
  author={Casella, George and Berger, Roger L},
  volume={70},
  year={2002},
  publisher={Duxbury Press Belmont, CA}
}

@article{reese:2004,
  title={Integrated Analysis of Computer and Physical Experiments},
  author={Reese, C Shane and Wilson, Alyson G and Hamada, Michael and Martz, Harry F and Ryan, Kenneth J},
  journal={Technometrics},
  volume={46},
  number={2},
  year={2004}
}

@article{abdi:2010,
  title={Principal Component Analysis},
  author={Abdi, Herv{\'e} and Williams, Lynne J},
  journal={Wiley Interdisciplinary Reviews: Computational Statistics},
  volume={2},
  number={4},
  pages={433--459},
  year={2010},
  publisher={Wiley Online Library}
}

@article{sacks:1989b,
  title={Design and Analysis of Computer Experiments},
  author={Sacks, Jerome and Welch, William J and Mitchell, Toby J and Wynn, Henry P},
  journal={Statistical science},
  volume={4},
  number={4},
  pages={409--423},
  year={1989},
  publisher={Institute of Mathematical Statistics}
}

@book{ramsay:2002,
  title={Applied Functional Data Analysis: Methods and Case Studies},
  author={Ramsay, James O and Silverman, Bernard W},
  volume={77},
  year={2002},
  publisher={Springer New York}
}

@article{matern:1960,
  title={Spatial Variation. Stochastic Models and Their Application to Some Problems in Forest Surveys and Other Sampling Investigations.},
  author={Mat{\'e}rn, Bertil and others},
  journal={Meddelanden fran statens Skogsforskningsinstitut},
  volume={49},
  number={5},
  year={1960}
}

@article{currin:1991,
  title={Bayesian Prediction of Deterministic Functions, With Applications to the Design and Analysis of Computer Experiments},
  author={Currin, Carla and Mitchell, Toby and Morris, Max and Ylvisaker, Don},
  journal={Journal of the American Statistical Association},
  volume={86},
  number={416},
  pages={953--963},
  year={1991},
  publisher={Taylor \& Francis Group}
}

@article{welch:1992,
  title={Screening, Predicting, and Computer Experiments},
  author={Welch, William J and Buck, Robert J and Sacks, Jerome and Wynn, Henry P and Mitchell, Toby J and Morris, Max D},
  journal={Technometrics},
  volume={34},
  number={1},
  pages={15--25},
  year={1992},
  publisher={Taylor \& Francis Group}
}

@article{mckay:1979,
  title={A Comparison of Three Methods for Selecting Values of Input Variables in the Analysis of Output from a Computer Code},
  author={McKay, Michael D and Beckman, Richard J and Conover, William J},
  journal={Technometrics},
  volume={21},
  number={2},
  pages={239--245},
  year={1979},
  publisher={Taylor \& Francis}
}

@article{johnson:1990,
  title={Minimax and Maximin Distance Designs},
  author={Johnson, Mark E and Moore, Leslie M and Ylvisaker, Donald},
  journal={Journal of statistical planning and inference},
  volume={26},
  number={2},
  pages={131--148},
  year={1990},
  publisher={Elsevier}
}

@article{sacks:1989a,
  title={Designs for Computer Experiments},
  author={Sacks, Jerome and Schiller, Susannah B and Welch, William J},
  journal={Technometrics},
  volume={31},
  number={1},
  pages={41--47},
  year={1989},
  publisher={Taylor \& Francis Group}
}

@techreport{moore:2002,
  title={Orthogonal Arrays for Computer Experiments to Assess Important Inputs},
  author={Moore, LM and McKay, Michael D},
  year={2002},
  institution={Los Alamos National Laboratory}
}

@article{higdon:2004,
  title={Combining Field Data and Computer Simulations for Calibration and Prediction},
  author={Higdon, Dave and Kennedy, Marc and Cavendish, James C and Cafeo, John A and Ryne, Robert D},
  journal={SIAM Journal on Scientific Computing},
  volume={26},
  number={2},
  pages={448--466},
  year={2004},
  publisher={SIAM}
}

@article{joseph:2008,
  title={Orthogonal-Maximin Latin Hypercube Designs},
  author={Joseph, V Roshan and Hung, Ying},
  journal={Statistica Sinica},
  volume={18},
  number={1},
  pages={171},
  year={2008}
}

@article{cioppa:2007,
  title={Efficient Nearly Orthogonal and Space-Filling Latin Hypercubes},
  author={Cioppa, Thomas M and Lucas, Thomas W},
  journal={Technometrics},
  volume={49},
  number={1},
  year={2007}
}

@article{roberts:2001,
  title={Optimal Scaling for Various Metropolis-Hastings Algorithms},
  author={Roberts, Gareth O and Rosenthal, Jeffrey S},
  journal={Statistical science},
  volume={16},
  number={4},
  pages={351--367},
  year={2001},
  publisher={Institute of Mathematical Statistics}
}

@article{morris:1995,
  title={Exploratory Designs for Computational Experiments},
  author={Morris, Max D and Mitchell, Toby J},
  journal={Journal of statistical planning and inference},
  volume={43},
  number={3},
  pages={381--402},
  year={1995},
  publisher={Elsevier}
}

@incollection{higdon:2002,
  title={Space and Space-Time Modeling Using Process Convolutions},
  author={Higdon, Dave},
  booktitle={Quantitative methods for current environmental issues},
  pages={37--56},
  year={2002},
  publisher={Springer}
}

@article{higdon:1998,
  title={A Process-Convolution Approach to Modelling Temperatures in the North Atlantic Ocean},
  author={Higdon, David},
  journal={Environmental and Ecological Statistics},
  volume={5},
  number={2},
  pages={173--190},
  year={1998},
  publisher={Springer}
}

@article{casella:1992,
  title={Explaining the Gibbs sampler},
  author={Casella, George and George, Edward I},
  journal={The American Statistician},
  volume={46},
  number={3},
  pages={167--174},
  year={1992},
  publisher={Taylor \& Francis}
}

@article{neal:2001,
  title={Annealed importance sampling},
  author={Neal, Radford M},
  journal={Statistics and Computing},
  volume={11},
  number={2},
  pages={125--139},
  year={2001},
  publisher={Springer}
}

@article{breiman:2001,
  title={Random forests},
  author={Breiman, Leo},
  journal={Machine learning},
  volume={45},
  number={1},
  pages={5--32},
  year={2001},
  publisher={Springer}
}

@article{segal:2011,
  title={Multivariate random forests},
  author={Segal, Mark and Xiao, Yuanyuan},
  journal={Wiley Interdisciplinary Reviews: Data Mining and Knowledge Discovery},
  volume={1},
  number={1},
  pages={80--87},
  year={2011},
  publisher={Wiley Online Library}
}

@article{death:2002,
  title={Multivariate regression trees: a new technique for modeling species-environment relationships},
  author={De'ath, Glenn},
  journal={Ecology},
  volume={83},
  number={4},
  pages={1105--1117},
  year={2002},
  publisher={Eco Soc America}
}

@book{james:2013,
  title={An introduction to statistical learning},
  author={James, Gareth and Witten, Daniela and Hastie, Trevor and Tibshirani, Robert},
  year={2013},
  publisher={Springer}
}
