/home/mickey/files/scholar/refs.bib